<record><leader>00000cas a22000007a 4500</leader><controlfield tag="001">20615168</controlfield><controlfield tag="008">891108c19669999mouwr ne      0   a0eng d</controlfield><datafield ind1=" " ind2=" " tag="010"><subfield code="a">sn 89067394 </subfield></datafield><datafield ind1=" " ind2=" " tag="040"><subfield code="a">MQN</subfield><subfield code="b">eng</subfield><subfield code="c">MQN</subfield><subfield code="d">NSD</subfield><subfield code="d">OCLCQ</subfield></datafield><datafield ind1=" " ind2=" " tag="012"><subfield code="l">1</subfield></datafield><datafield ind1="1" ind2=" " tag="022"><subfield code="a">1083-2343</subfield><subfield code="l">1083-2343</subfield><subfield code="2">1</subfield></datafield><datafield ind1=" " ind2=" " tag="042"><subfield code="a">msc</subfield><subfield code="a">nsdp</subfield></datafield><datafield ind1="0" ind2=" " tag="130"><subfield code="a">Florissant Valley reporter (Florissant, Mo. : 1966)</subfield></datafield><datafield ind1=" " ind2="0" tag="222"><subfield code="a">Florissant Valley reporter</subfield><subfield code="b">(1966)</subfield></datafield><datafield ind1="1" ind2="4" tag="245"><subfield code="a">The Florissant Valley reporter.</subfield></datafield><datafield ind1=" " ind2=" " tag="260"><subfield code="a">Florissant, Mo. :</subfield><subfield code="b">Valley Pub. Co.</subfield></datafield><datafield ind1=" " ind2=" " tag="300"><subfield code="a">v.</subfield></datafield><datafield ind1=" " ind2=" " tag="310"><subfield code="a">Weekly</subfield></datafield><datafield ind1="0" ind2=" " tag="362"><subfield code="a">Vol. 43, no. 43 (Jan. 27, 1966)-</subfield></datafield><datafield ind1=" " ind2=" " tag="500"><subfield code="a">Publisher: Reynolds Pub. Co., &lt;May 30, 1995-&gt;</subfield></datafield><datafield ind1=" " ind2=" " tag="588"><subfield code="a">Latest issue consulted: Vol. 75, no. 22 (May 30, 1995).</subfield></datafield><datafield ind1=" " ind2="4" tag="651"><subfield code="a">Florissant (Mo.)</subfield><subfield code="v">Newspapers.</subfield></datafield><datafield ind1=" " ind2=" " tag="752"><subfield code="a">United States</subfield><subfield code="b">Missouri</subfield><subfield code="c">Saint Louis</subfield><subfield code="d">Florissant.</subfield></datafield><datafield ind1="0" ind2="0" tag="780"><subfield code="t">Reporter (Florissant, Mo.)</subfield><subfield code="w">(DLC)sn 89067393</subfield></datafield><datafield ind1="1" ind2=" " tag="029"><subfield code="a">AU@</subfield><subfield code="b">000020585374</subfield></datafield></record>